%% This BibTeX bibliography file was created using BibDesk.
%% http://bibdesk.sourceforge.net/


%% Created for Christopher Cameron at 2015-12-11 23:50:50 -0600 


%% Saved with string encoding Unicode (UTF-8) 



@phdthesis{radi_shape_func,
	Author = {Mustafa Radi },
	Date-Added = {2015-12-12 05:31:38 +0000},
	Date-Modified = {2015-12-12 05:50:49 +0000},
	School = {Technischen Universit{\"a}t Wien},
	Title = {Three-Dimensional Simulation of Thermal Oxidation Three-Dimensional Simulation of Thermal Oxidation},
	Url = {http://www.iue.tuwien.ac.at/phd/radi/node29.html},
	Year = {1998},
	Bdsk-Url-1 = {http://www.iue.tuwien.ac.at/phd/radi/node29.html}}

@article{MASA,
	Author = {Malaya, Nicholas and Estacio-Hiroms, Kemelli C. and Stogner, Roy H. and Schulz, Karl W. and Bauman, Paul T. and Carey, Graham F.},
	Doi = {10.1007/s00366-012-0267-9},
	Issn = {0177-0667},
	Journal = {Engineering with Computers},
	Keywords = {Verification; Manufactured solutions; Partial differential equations; Finite elements},
	Language = {English},
	Pages = {1-10},
	Publisher = {Springer-Verlag},
	Title = {MASA: a library for verification using manufactured and analytical solutions},
	Url = {http://dx.doi.org/10.1007/s00366-012-0267-9},
	Year = {2012},
	Bdsk-Url-1 = {http://dx.doi.org/10.1007/s00366-012-0267-9}}
